@article{fuglstad2015exploring,
  title={Exploring a new class of non-stationary spatial Gaussian random fields with varying local anisotropy},
  author={Fuglstad, Geir-Arne and Lindgren, Finn and Simpson, Daniel and Rue, H{\aa}vard},
  journal={Statistica Sinica},
  pages={115--133},
  year={2015},
  publisher={JSTOR}
}

@article{lindgren2011explicit,
  title={An explicit link between Gaussian fields and Gaussian Markov random fields: the stochastic partial differential equation approach},
  author={Lindgren, Finn and Rue, H{\aa}vard and Lindstr{\"o}m, Johan},
  journal={Journal of the Royal Statistical Society: Series B (Statistical Methodology)},
  volume={73},
  number={4},
  pages={423--498},
  year={2011},
  publisher={Wiley Online Library}
}

@article{lindgren2007explicit,
  title={Explicit construction of GMRF approximations to generalised Mat{\'e}rn fields on irregular grids},
  author={Lindgren, Finn and Rue, H{\aa}vard},
  journal={Preprints in Mathematical Sciences},
  volume={5},
  year={2007},
  publisher={[Publisher information missing]}
}

@article{simpson2012think,
  title={Think continuous: Markovian Gaussian models in spatial statistics},
  author={Simpson, Daniel and Lindgren, Finn and Rue, H{\aa}vard},
  journal={Spatial Statistics},
  volume={1},
  pages={16--29},
  year={2012},
  publisher={Elsevier}
}

@book{rue2005gaussian,
  title={Gaussian Markov random fields: theory and applications},
  author={Rue, Havard and Held, Leonhard},
  year={2005},
  publisher={CRC press}
}




@article{anderes2011local,
  title={Local likelihood estimation for nonstationary random fields},
  author={Anderes, Ethan B and Stein, Michael L},
  journal={Journal of Multivariate Analysis},
  volume={102},
  number={3},
  pages={506--520},
  year={2011},
  publisher={Elsevier}
}

@article{paciorek2006spatial,
  title={Spatial modelling using a new class of nonstationary covariance functions},
  author={Paciorek, Christopher J and Schervish, Mark J},
  journal={Environmetrics: The official journal of the International Environmetrics Society},
  volume={17},
  number={5},
  pages={483--506},
  year={2006},
  publisher={Wiley Online Library}
}

@inproceedings{paciorek2004nonstationary,
  title={Nonstationary covariance functions for Gaussian process regression},
  author={Paciorek, Christopher J and Schervish, Mark J},
  booktitle={Advances in neural information processing systems},
  pages={273--280},
  year={2004}
}


@article{nychka2002multiresolution,
  title={Multiresolution models for nonstationary spatial covariance functions},
  author={Nychka, Douglas and Wikle, Christopher and Royle, J Andrew},
  journal={Statistical Modelling},
  volume={2},
  number={4},
  pages={315--331},
  year={2002},
  publisher={Sage Publications Sage CA: Thousand Oaks, CA}
}

@article{nychka2015multiresolution,
  title={A multiresolution Gaussian process model for the analysis of large spatial datasets},
  author={Nychka, Douglas and Bandyopadhyay, Soutir and Hammerling, Dorit and Lindgren, Finn and Sain, Stephan},
  journal={Journal of Computational and Graphical Statistics},
  volume={24},
  number={2},
  pages={579--599},
  year={2015},
  publisher={Taylor \& Francis}
}



@article{sampsonguttorp,
 ISSN = {01621459},
 URL = {http://www.jstor.org/stable/2290458},
 abstract = {},
 author = {Paul D. Sampson and Peter Guttorp},
 journal = {Journal of the American Statistical Association},
 number = {417},
 pages = {108--119},
 publisher = {[American Statistical Association, Taylor & Francis, Ltd.]},
 title = {Nonparametric Estimation of Nonstationary Spatial Covariance Structure},
 volume = {87},
 year = {1992}
}



@article{kay2015community,
  title={{The Community Earth System Model (CESM) large ensemble project: A community resource for studying climate change in the presence of internal climate variability}},
  author={Kay, JE and Deser, C and Phillips, A and Mai, A and Hannay, C and Strand, G and Arblaster, JM and Bates, SC and Danabasoglu, G and Edwards, J and others},
  journal={Bulletin of the American Meteorological Society},
  volume={96},
  number={8},
  pages={1333--1349},
  year={2015}
}


@Manual{Rcore,
    title = {{R: A Language and Environment for Statistical Computing}},
    author = {{R Core Team}},
    organization = {{R Foundation for Statistical Computing}},
    address = {Vienna, Austria},
    year = {2018},
    url = {https://www.R-project.org/},
}

@Misc{fields,
    title = {fields: Tools for spatial data},
    author = {{Douglas Nychka} and {Reinhard Furrer} and {John Paige} and {Stephan Sain}},
    note = {{R package version 9.6}},
    organization = {University Corporation for Atmospheric Research},
    address = {Boulder, CO, USA},
    year = {2017},
    url = {www.image.ucar.edu/~nychka/Fields},
    doi = {10.5065/D6W957CT},
}

@Misc{LK,
    title = {LatticeKrig: Multiresolution Kriging Based on Markov Random Fields},
    author = {Douglas Nychka and Dorit Hammerling and Stephan Sain and Nathan Lenssen},
    note = {{R package version 7.0}},
    organization = {University Corporation for Atmospheric Research},
    address = {Boulder, CO, USA},
    year = {2016},
    doi = {10.5065/D6HD7T1R},
    url = {www.image.ucar.edu/LatticeKrig},
}

@Misc{cheyenne,
	author={{Computational and Information Systems Laboratory}},
    title = {{Cheyenne: HPE/SGI ICE XA System (University Community Computing)}},
    address = {Boulder, CO: National Center for Atmospheric Research},
    year = {2017},
    doi = {doi:10.5065/D6RX99HX}
}

@article{yu2002rmpi,
  title={{Rmpi: parallel statistical computing in R}},
  author={Yu, Hao},
  journal={{R News}},
  volume={2},
  number={2},
  pages={10--14},
  year={2002}
}

  @Manual{ellipse,
    title = {ellipse: Functions for Drawing Ellipses and Ellipse-Like Confidence
Regions},
    author = {Duncan Murdoch and E. D. Chow},
    year = {2018},
    note = {{R package version 0.4.1}},
    url = {https://CRAN.R-project.org/package=ellipse},
  }



@techreport{fuentes2001new,
  title={A new class of nonstationary spatial models},
  author={Fuentes, Montserrat and Smith, Richard L},
  year={2001},
  institution={Technical report, North Carolina State University, Raleigh, NC}
}

@article{fuentes2002spectral,
  title={Spectral methods for nonstationary spatial processes},
  author={Fuentes, Montserrat},
  journal={Biometrika},
  volume={89},
  number={1},
  pages={197--210},
  year={2002},
  publisher={Oxford University Press}
}


@article{risser2016nonstationary,
  title={Nonstationary Spatial Modeling, with Emphasis on Process Convolution and Covariate-Driven Approaches},
  author={Risser, Mark D},
  journal={arXiv preprint arXiv:1610.02447},
  year={2016}
}

@article{risser2015local,
  title={Local likelihood estimation for covariance functions with spatially-varying parameters: the convoSPAT package for R},
  author={Risser, Mark D and Calder, Catherine A},
  journal={arXiv preprint arXiv:1507.08613},
  year={2015}
}






@article{haas1990kriging,
  title={Kriging and automated variogram modeling within a moving window},
  author={Haas, Timothy C},
  journal={Atmospheric Environment. Part A. General Topics},
  volume={24},
  number={7},
  pages={1759--1769},
  year={1990},
  publisher={Elsevier}
}

@article{haas1990lognormal,
  title={Lognormal and moving window methods of estimating acid deposition},
  author={Haas, Timothy C},
  journal={Journal of the American Statistical Association},
  volume={85},
  number={412},
  pages={950--963},
  year={1990},
  publisher={Taylor \& Francis}
}

@article{higdon1998process,
  title={A process-convolution approach to modelling temperatures in the North Atlantic Ocean},
  author={Higdon, David},
  journal={Environmental and Ecological Statistics},
  volume={5},
  number={2},
  pages={173--190},
  year={1998},
  publisher={Springer}
}

@article{higdon1999non,
  title={Non-stationary spatial modeling},
  author={Higdon, Dave and Swall, J and Kern, J},
  journal={Bayesian statistics},
  volume={6},
  number={1},
  pages={761--768},
  year={1999}
}

@incollection{higdon2002space,
  title={Space and space-time modeling using process convolutions},
  author={Higdon, Dave},
  booktitle={Quantitative methods for current environmental issues},
  pages={37--56},
  year={2002},
  publisher={Springer}
}





@article{nychka2018modeling,
  title={Modeling and emulation of nonstationary Gaussian fields},
  author={Nychka, Douglas and Hammerling, Dorit and Krock, Mitchell and Wiens, Ashton},
  journal={Spatial Statistics},
  year={2018},
  publisher={Elsevier}
}





@article{alexeeff2018emulating,
  title={Emulating mean patterns and variability of temperature across and within scenarios in anthropogenic climate change experiments},
  author={Alexeeff, Stacey E and Nychka, Doug and Sain, Stephan R and Tebaldi, Claudia},
  journal={Climatic Change},
  volume={146},
  number={3-4},
  pages={319--333},
  year={2018},
  publisher={Springer}
}

@article{cressie2008fixed,
  title={Fixed rank kriging for very large spatial data sets},
  author={Cressie, Noel and Johannesson, Gardar},
  journal={Journal of the Royal Statistical Society: Series B (Statistical Methodology)},
  volume={70},
  number={1},
  pages={209--226},
  year={2008},
  publisher={Wiley Online Library}
}


@article{heaton2017methods,
  title={Methods for analyzing large spatial data: A review and comparison},
  author={Heaton, Matthew J and Datta, Abhirup and Finley, Andrew and Furrer, Reinhard and Guhaniyogi, Rajarshi and Gerber, Florian and Gramacy, Robert B and Hammerling, Dorit and Katzfuss, Matthias and Lindgren, Finn and others},
  journal={arXiv preprint arXiv:1710.05013},
  year={2017}
}

@article{ver2004flexible,
  title={Flexible spatial models for kriging and cokriging using moving averages and the Fast Fourier Transform (FFT)},
  author={Ver Hoef, Jay M and Cressie, Noel and Barry, Ronald Paul},
  journal={Journal of Computational and Graphical Statistics},
  volume={13},
  number={2},
  pages={265--282},
  year={2004},
  publisher={Taylor \& Francis}
}

@article{katzfuss2011spatio,
  title={Spatio-temporal smoothing and EM estimation for massive remote-sensing data sets},
  author={Katzfuss, Matthias and Cressie, Noel},
  journal={Journal of Time Series Analysis},
  volume={32},
  number={4},
  pages={430--446},
  year={2011},
  publisher={Wiley Online Library}
}




@article{zhu2010estimation,
  title={Estimation and prediction of a class of convolution-based spatial nonstationary models for large spatial data},
  author={Zhu, Zhengyuan and Wu, Yichao},
  journal={Journal of Computational and Graphical Statistics},
  volume={19},
  number={1},
  pages={74--95},
  year={2010},
  publisher={Taylor \& Francis}
}


@article{fuglstad2015does,
  title={Does non-stationary spatial data always require non-stationary random fields?},
  author={Fuglstad, Geir-Arne and Simpson, Daniel and Lindgren, Finn and Rue, H{\aa}vard},
  journal={Spatial Statistics},
  volume={14},
  pages={505--531},
  year={2015},
  publisher={Elsevier}
}

@article{anderes2008estimating,
  title={Estimating deformations of isotropic Gaussian random fields on the plane},
  author={Anderes, Ethan B and Stein, Michael L and others},
  journal={The Annals of Statistics},
  volume={36},
  number={2},
  pages={719--741},
  year={2008},
  publisher={Institute of Mathematical Statistics}
}

@article{kaufman2013role,
  title={The role of the range parameter for estimation and prediction in geostatistics},
  author={Kaufman, CG and Shaby, BA},
  journal={Biometrika},
  volume={100},
  number={2},
  pages={473--484},
  year={2013},
  publisher={Oxford University Press}
}

